<?xml version="1.0" encoding="UTF-8" ?>
<collection xmlns:xsi="http://www.w3.org/2001/XMLSchema-instance"
    xsi:schemaLocation="http://www.loc.gov/MARC21/slim
        http://www.loc.gov/standards/marcxml/schema/MARC21slim.xsd"
    xmlns="http://www.loc.gov/MARC21/slim">
<record>
  <leader>00237cam a2200445 i 4500</leader>
  <controlfield tag="001">b12441120</controlfield>
  <controlfield tag="003">LeBAU</controlfield>
  <controlfield tag="005">20190712</controlfield>
  <controlfield tag="008">970508s1924    ua            ||0 0 ara d</controlfield>
  <datafield tag="035" ind1=" " ind2=" ">
    <subfield code="a">ocn784319204</subfield>
  </datafield>
  <datafield tag="040" ind1=" " ind2=" ">
    <subfield code="a">LEAUB</subfield>
    <subfield code="b">ara</subfield>
    <subfield code="e">rda</subfield>
    <subfield code="c">LEAUB</subfield>
    <subfield code="d">LEAUB</subfield>
  </datafield>
  <datafield tag="043" ind1=" " ind2=" ">
    <subfield code="a">f-ua---</subfield>
  </datafield>
  <datafield tag="082" ind1="0" ind2="4">
    <subfield code="a">342.62</subfield>
    <subfield code="2">23</subfield>
  </datafield>
  <datafield tag="100" ind1="1" ind2=" ">
    <subfield code="6">880-01</subfield>
    <subfield code="a">Farīq, Maḥmūd Ḥasan,</subfield>
    <subfield code="e">author.</subfield>
  </datafield>
  <datafield tag="240" ind1="1" ind2="0">
    <subfield code="6">880-02</subfield>
    <subfield code="a">Laws, etc.</subfield>
  </datafield>
  <datafield tag="245" ind1="1" ind2="0">
    <subfield code="6">880-03</subfield>
    <subfield code="a">al-Qānūn al-Dustūrī al-Miṣrī wa-taṭawwur niẓām al-dawlah al-Miṣrīyah ibtidaʼan min al-fatḥ al-ʻUthmānī (ʻām 1517 M) ilá al-waqt al-ḥāḍir /</subfield>
    <subfield code="c">Maḥmūd Ḥasan al-Farīq, ustādh fī al-ḥuqūq min Jāmiʻat Bārīs.</subfield>
  </datafield>
  <datafield tag="264" ind1=" " ind2="1">
    <subfield code="6">880-04</subfield>
    <subfield code="a">[al-Qāhirah] :</subfield>
    <subfield code="b">al-Maṭbaʻah al-Tijārīyah al-Kubrá,</subfield>
    <subfield code="c">1342 [H.] = 1924 [M.]</subfield>
  </datafield>
  <datafield tag="300" ind1=" " ind2=" ">
    <subfield code="6">880-05</subfield>
    <subfield code="a">110, 31, 224 pages ;</subfield>
    <subfield code="c">20 cm</subfield>
  </datafield>
  <datafield tag="336" ind1=" " ind2=" ">
    <subfield code="a">text</subfield>
    <subfield code="b">txt</subfield>
    <subfield code="2">rdacontent</subfield>
  </datafield>
  <datafield tag="337" ind1=" " ind2=" ">
    <subfield code="a">unmediated</subfield>
    <subfield code="b">n</subfield>
    <subfield code="2">rdamedia</subfield>
  </datafield>
  <datafield tag="338" ind1=" " ind2=" ">
    <subfield code="a">volume</subfield>
    <subfield code="b">nc</subfield>
    <subfield code="2">rdacarrier</subfield>
  </datafield>
  <datafield tag="500" ind1=" " ind2=" ">
    <subfield code="a">"وضمنه نص الدستور الحالي وكافة المجالس السابقة والمعاهدات الخاصة بمصر والفرامانات والخطابات والوثائق الرسمية."</subfield>
  </datafield>
  <datafield tag="650" ind1=" " ind2="4">
    <subfield code="a">التاريخ الدستوري</subfield>
    <subfield code="z">مصر.</subfield>
  </datafield>
  <datafield tag="650" ind1=" " ind2="4">
    <subfield code="a">القانون الدستوري</subfield>
    <subfield code="z">مصر.</subfield>
  </datafield>
  <datafield tag="650" ind1=" " ind2="0">
    <subfield code="a">Constitutional history</subfield>
    <subfield code="z">Egypt.</subfield>
  </datafield>
  <datafield tag="650" ind1=" " ind2="0">
    <subfield code="a">Constitutional law</subfield>
    <subfield code="z">Egypt.</subfield>
  </datafield>
  <datafield tag="651" ind1=" " ind2="4">
    <subfield code="a">مصر</subfield>
    <subfield code="x">السياسة والحكومة</subfield>
    <subfield code="x">تاريخ.</subfield>
  </datafield>
  <datafield tag="651" ind1=" " ind2="0">
    <subfield code="a">Egypt</subfield>
    <subfield code="x">Politics and government</subfield>
    <subfield code="x">History.</subfield>
  </datafield>
  <datafield tag="710" ind1="1" ind2=" ">
    <subfield code="6">880-06</subfield>
    <subfield code="a">Egypt,</subfield>
    <subfield code="e">issuing body.</subfield>
  </datafield>
  <datafield tag="852" ind1=" " ind2=" ">
    <subfield code="a">Jafet Library</subfield>
    <subfield code="e">American University of Beirut, Bliss Street , Beirut, Lebanon.</subfield>
  </datafield>
  <datafield tag="880" ind1="1" ind2=" ">
    <subfield code="6">100-01/(3/r</subfield>
    <subfield code="a">الفريق، محمود حسن،</subfield>
    <subfield code="e">مؤلف. </subfield>
    <subfield code="4">aut.</subfield>
  </datafield>
  <datafield tag="880" ind1="1" ind2="0">
    <subfield code="6">240-02/(3/r</subfield>
    <subfield code="a">قوانين، الخ.</subfield>
  </datafield>
  <datafield tag="880" ind1="1" ind2="3">
    <subfield code="6">245-03/(3/r</subfield>
    <subfield code="a">القانون الدستوري المصري وتطور نظام الدولة المصرية إبتداء من الفتح العثماني (عام 1517 م) الى الوقت الحاضر/</subfield>
    <subfield code="c">محمود حسن الفريق، أستاذ في الحقوق من جامعة باريس.</subfield>
  </datafield>
  <datafield tag="880" ind1=" " ind2="1">
    <subfield code="6">264-04/(3/r</subfield>
    <subfield code="a">[القاهرة] :</subfield>
    <subfield code="b">المطبعة التجارية الكبرى،</subfield>
    <subfield code="c">1342 [هـ.] = 1924 [م.]</subfield>
  </datafield>
  <datafield tag="880" ind1=" " ind2=" ">
    <subfield code="6">300-05/(3/r</subfield>
    <subfield code="a">110، 31، 224 صفحة ؛</subfield>
    <subfield code="c">20 سم</subfield>
  </datafield>
  <datafield tag="880" ind1="1" ind2=" ">
    <subfield code="6">710-06/(3/r</subfield>
    <subfield code="a">مصر،</subfield>
    <subfield code="e">هيئة اصدار. </subfield>
    <subfield code="4">isb.</subfield>
  </datafield>
  <datafield tag="907" ind1=" " ind2=" ">
    <subfield code="a">.b12441120</subfield>
    <subfield code="b">19-07-24</subfield>
    <subfield code="c">11-05-24</subfield>
  </datafield>
  <datafield tag="907" ind1=" " ind2=" ">
    <subfield code="a">.b12441120</subfield>
    <subfield code="b">15-10-15</subfield>
    <subfield code="c">11-05-24</subfield>
  </datafield>
  <datafield tag="945" ind1=" " ind2=" ">
    <subfield code="f">J</subfield>
    <subfield code="a">342.62:F22kA:c.1</subfield>
    <subfield code="i">01019393</subfield>
    <subfield code="j">.i12916365</subfield>
    <subfield code="l">u0503</subfield>
  </datafield>
  <datafield tag="998" ind1=" " ind2=" ">
    <subfield code="a">u05</subfield>
    <subfield code="b">97-05-08</subfield>
    <subfield code="c">m</subfield>
    <subfield code="d">a  </subfield>
    <subfield code="e">-</subfield>
    <subfield code="f">ara</subfield>
    <subfield code="g">ua </subfield>
    <subfield code="h">0</subfield>
    <subfield code="i">1</subfield>
  </datafield>
</record>
</collection>
